@article{Besser2020,
	doi = {10.1109/TWC.2020.2997332},
	year = {2020},
	month = {9},
	publisher = {Institute of Electrical and Electronics Engineers ({IEEE})},
	volume = {19},
	number = {9},
	pages = {5833--5845},
	author = {Besser, Karl-Ludwig and Jorswieck, Eduard A.},
	title = {Reliability Bounds for Dependent Fading Wireless Channels},
	journal = {{IEEE} Transactions on Wireless Communications},
	eprint = {1909.01415},
	archiveprefix = {arXiv},
	primaryClass = {cs.IT},
}

@article{ReviewerReference,
	author = {Reviewer Number Two},
	title = {My work is better than yours},
	journaltitle = {International Journal of Science},
	year = {1990},
	pubstate = {This journal probably even exists...},
}
